% WEEK 1

@article{freedman_statistical_1991,
  title = {{Statistical Models and Shoe Leather}},
  author = {Freedman, David A.},
  year = {1991},
  volume = {21},
  pages = {291--313},
  publisher = {{[American Sociological Association, Wiley, Sage Publications, Inc.]}},
  journal = {Sociological Methodology}
}

@book{pearl_book_2018,
  title = {{The Book of Why: The New Science of Cause and Effect}},
  shorttitle = {The Book of Why},
  author = {Pearl, Judea and Mackenzie, Dana},
  year = {2018}
}

@article{rubin_objective_2008,
  title = {{For Objective Causal Inference, Design Trumps Analysis}},
  author = {Rubin, Donald B.},
  year = {2008},
  volume = {2},
  pages = {808--840},
  publisher = {{Institute of Mathematical Statistics}},
  journal = {The Annals of Applied Statistics},
  number = {3}
}


% WEEK 2
@book{allport_nature_1954,
  title = {{The Nature of Prejudice}},
  author = {Allport, Gordon W.},
  year = {1954},
  publisher = {Addison-Wesley},
  address = {Reading, {MA}}
}

@book{angrist_mastering_2015,
  title = {{Mastering 'Metrics: The Path from Cause to Effect}},
  author = {Angrist, Joshua D. and Pischke, J{\"o}rn-Steffen},
  year = {2015},
  publisher = {Princeton University Press},
  address = {Princeton, {NJ}}
}

@book{cunningham_causal_2021,
  title = {{Causal Inference: The Mixtape}},
  author = {Cunningham, Scott},
  year = {2021},
  publisher = {Yale University Press},
  address = {New Haven, {CT}}
}

@book{gerber_field_2012,
  title = {{Field Experiments: Design, Analysis, and Interpretation}},
  author = {Gerber, Alan S. and Green, Donald P.},
  year = {2012},
  publisher = {W. W. Norton \& Co},
  address = {New York}
}


% WEEK 3

@article{dorn_philosophy_1953,
  title = {Philosophy of Inferences from Retrospective Studies},
  author = {Dorn, Harold F.},
  year = {1953},
  volume = {43},
  pages = {677--683},
  publisher = {{American Public Health Association}},
  journal = {American Journal of Public Health and the Nations Health},
  number = {6\_Pt\_1}
}

@article{egan_turning_2012,
  title = {Turning {{Personal Experience}} into {{Political Attitudes}}: {{The Effect}} of {{Local Weather}} on {{Americans}}' {{Perceptions}} about {{Global Warming}}},
  shorttitle = {Turning {{Personal Experience}} into {{Political Attitudes}}},
  author = {Egan, Patrick J. and Mullin, Megan},
  year = {2012},
  month = jul,
  volume = {74},
  pages = {796--809},
  journal = {The Journal of Politics},
  number = {3}
}

@book{stock_introduction_2015,
  title = {Introduction to Econometrics},
  author = {Stock, James H and Watson, Mark W},
  year = {2015},
  publisher = {{Pearson Education}},
  address = {{Harlow}},
  annotation = {OCLC: 1159650029}
}


% WEEK 4
@misc{bronner_why_2020,
	title = {{Why Statistics Don't Capture The Full Extent Of The Systemic Bias In Policing}},
	author = {Bronner, Laura},
	year = {2020},
	month = jun,
	journal = {FiveThirtyEight},
	url = {https://fivethirtyeight.com/features/why-statistics-dont-capture-the-full-extent-of-the-systemic-bias-in-policing/}
},

@article{goodin_rational_1980,
	title = {{Rational Participation: The Politics of Relative Power}},
	volume = {10},
	number = {3},
	journal = {British Journal of Political Science},
	author = {Goodin, Robert and Dryzek, John},
	year = {1980},
	pages = {273--292}
}

@book{pearl_causal_2016,
	address = {Chichester, {UK}},
	title = {{Causal Inference in Statistics: A Primer}},
	publisher = {Wiley},
	author = {Pearl, Judea and Glymour, Madelyn and Jewell, Nicholas P.},
	year = {2016}
}


% WEEK 5
@article{schaub_voter_2020,
  title = {{Voter Mobilisation in the Echo Chamber: Broadband Internet and the Rise of Populism in Europe}},
  author = {Schaub, Max and Morisi, Davide},
  year = {2020},
  volume = {59},
  journal = {European Journal of Political Research},
  number = {4}
}

@article{miguel_economic_2004,
  title = {Economic {{Shocks}} and {{Civil Conflict}}: {{An Instrumental Variables Approach}}},
  shorttitle = {Economic {{Shocks}} and {{Civil Conflict}}},
  author = {Miguel, Edward and Satyanath, Shanker and Sergenti, Ernest},
  year = {2004},
  month = aug,
  volume = {112},
  pages = {725--753},
  annotation = {ArticleType: research-article / Full publication date: August 2004 / Copyright \textcopyright{} 2004 The University of Chicago Press},
  copyright = {Copyright \textcopyright{} 2004 The University of Chicago Press},
  journal = {Journal of Political Economy},
  number = {4}
}

@article{nunn_slave_2011,
  title = {The {{Slave Trade}} and the {{Origins}} of {{Mistrust}} in {{Africa}}},
  author = {Nunn, Nathan and Wantchekon, Leonard},
  year = {2011},
  month = dec,
  volume = {101},
  pages = {3221--3252},
  journal = {The American Economic Review},
  number = {7}
}

@article{acemoglu_colonial_2001,
  title = {The {{Colonial Origins}} of {{Comparative Development}}: {{An Empirical Investigation}}},
  shorttitle = {The {{Colonial Origins}} of {{Comparative Development}}},
  author = {Acemoglu, Daron and Johnson, Simon and Robinson, James A},
  year = {2001},
  month = dec,
  volume = {91},
  pages = {1369--1401},
  journal = {American Economic Review},
  number = {5}
}

@article{grosjean_it_2019,
  title = {It's {{Raining Men}}! {{Hallelujah}}? {{The Long}}-{{Run Consequences}} of {{Male}}-{{Biased Sex Ratios}}},
  shorttitle = {It's {{Raining Men}}! {{Hallelujah}}?},
  author = {Grosjean, Pauline and Khattar, Rose},
  year = {2019},
  month = mar,
  volume = {86},
  pages = {723--754},
  journal = {The Review of Economic Studies},
  number = {2}
}

@article{duflo_dams_2007,
  title = {Dams},
  author = {Duflo, Esther and Pande, Rohini},
  year = {2007},
  month = may,
  volume = {122},
  pages = {601--646},
  publisher = {{Oxford Academic}},
  journal = {The Quarterly Journal of Economics},
  number = {2}
}

@article{angrist_lifetime_1990,
  title = {Lifetime Earnings and the {{Vietnam}} Era Draft Lottery: Evidence from Social Security Administrative Records},
  shorttitle = {Lifetime Earnings and the {{Vietnam}} Era Draft Lottery},
  author = {Angrist, Joshua D.},
  year = {1990},
  pages = {313--336},
  publisher = {{JSTOR}},
  journal = {The American Economic Review}
}

@article{albertson_credits_2009,
  title = {After the {{Credits Roll}}: {{The Long}}-{{Term Effects}} of {{Educational Television}} on {{Public Knowledge}} and {{Attitudes}}},
  shorttitle = {After the {{Credits Roll}}},
  author = {Albertson, Bethany and Lawrence, Adria},
  year = {2009},
  month = mar,
  volume = {37},
  pages = {275--300},
  publisher = {{SAGE Publications Inc}},
  journal = {American Politics Research},
  number = {2}
}

@book{dunning_natural_2012,
  title = {Natural Experiments in the Social Sciences: A Design-Based Approach},
  shorttitle = {Natural Experiments in the Social Sciences},
  author = {Dunning, Thad},
  year = {2012},
  publisher = {{Cambridge University Press}},
  address = {{Cambridge; New York}}
}

@article{aronow_late_2013,
  title = {Beyond {{LATE}}: {{Estimation}} of the {{Average Treatment Effect}} with an {{Instrumental Variable}}},
  shorttitle = {Beyond {{LATE}}},
  author = {Aronow, Peter M. and Carnegie, Allison},
  year = {2013},
  volume = {21},
  pages = {492--506},
  publisher = {{[Oxford University Press, Society for Political Methodology]}},
  journal = {Political Analysis},
  number = {4}
}




% WEEK 6
@book{angrist_mostly_2009,
  title = {Mostly Harmless Econometrics: An Empiricist's Companion},
  shorttitle = {Mostly Harmless Econometrics},
  author = {Angrist, Joshua David and Pischke, J{\"o}rn-Steffen},
  year = {2009},
  publisher = {{Princeton University Press}},
  address = {{Princeton}}
}

@article{stuart_matching_2010,
  title = {Matching {{Methods}} for {{Causal Inference}}: {{A Review}} and a {{Look Forward}}},
  shorttitle = {Matching {{Methods}} for {{Causal Inference}}},
  author = {Stuart, Elizabeth A.},
  year = {2010},
  month = feb,
  volume = {25},
  pages = {1--21},
  annotation = {Mathematical Reviews number (MathSciNet): MR2741812},
  journal = {Statistical Science},
  number = {1}
}

@article{iacus_causal_2012,
  title = {Causal {{Inference}} without {{Balance Checking}}: {{Coarsened Exact Matching}}},
  shorttitle = {Causal {{Inference}} without {{Balance Checking}}},
  author = {Iacus, Stefano M. and King, Gary and Porro, Giuseppe},
  year = {2012},
  month = jan,
  volume = {20},
  pages = {1--24},
  journal = {Political Analysis},
  number = {1}
}

@article{diamond_genetic_2013,
  title = {Genetic Matching for Estimating Causal Effects: {{A}} General Multivariate Matching Method for Achieving Balance in Observational Studies},
  shorttitle = {Genetic Matching for Estimating Causal Effects},
  author = {Diamond, Alexis and Sekhon, Jasjeet S.},
  year = {2013},
  volume = {95},
  pages = {932--945},
  publisher = {{MIT Press}},
  journal = {Review of Economics and Statistics},
  number = {3}
}

@article{boyd_untangling_2010,
  title = {Untangling the {{Causal Effects}} of {{Sex}} on {{Judging}}},
  author = {Boyd, Christina L. and Epstein, Lee and Martin, Andrew D.},
  year = {2010},
  volume = {54},
  pages = {389--411},
  annotation = {\_eprint: https://onlinelibrary.wiley.com/doi/pdf/10.1111/j.1540-5907.2010.00437.x},
  copyright = {\textcopyright 2010, Midwest Political Science Association},
  journal = {American Journal of Political Science},
  number = {2}
}



% WEEK 7
@article{thistlethwaite_rdd_1960,
  title = {{Regression-Discontinuity Analysis: An Alternative to the Ex Post Facto Experiment}},
  author = {Thistlethwaite, Donald L. and Campbell, Donald T.},
  year = {1960},
  volume = {51},
  pages = {309--317},
  journal = {Journal of Educational Psychology},
  number = {6}
}

@article{meyersson_islamic_2014,
  title = {{Islamic Rule and the Empowerment of the Poor and Pious}},
  author = {Meyersson, Erik},
  year = {2014},
  volume = {82},
  pages = {229--269},
  journal = {Econometrica},
  number = {1}
}

@book{cattaneo_practical_2019,
  address = {New York},
  series = {{Elements in Quantitative and Computational Methods for the Social Sciences}},
  title = {{A Practical Introduction to Regression Discontinuity Designs: Foundations}},
  publisher = {Cambridge University Press},
  author = {Cattaneo, Matias D. and Idrobo, Nicolás and Titiunik, Rocío},
  year = {2019}
}

@article{gelman_why_2019,
  title = {{Why High-Order Polynomials Should Not Be Used in Regression Discontinuity Designs}},
  author = {Gelman, Andrew and Imbens, Guido},
  year = {2019},
  volume = {37},
  pages = {447--456},
  journal = {Journal of Business \& Economic Statistics},
  number = {3}
}

@article{fujiwara_voting_2015,
  title = {{Voting Technology, Political Responsiveness, and Infant Health: Evidence From Brazil}},
  author = {Fujiwara, Thomas},
  year = {2015},
  volume = {83},
  pages = {423--464},
  journal = {Econometrica},
  number = {2}
}


% WEEK 8

@techreport{leininger_strategic_2020,
  title = {Strategic {{Alignment}} in {{Times}} of {{Crisis}}: {{Voter}} Choice at the {{Dawn}} of the {{COVID}}-19 {{Pandemic}}},
  author = {Leininger, Arndt and Schaub, Max},
  year = {2020},
  month = apr,
  institution = {{SocArXiv}},
  type = {Preprint}
}

@article{hakelberg_redistributive_2018,
  title = {The Redistributive Impact of Hypocrisy in International Taxation},
  author = {Hakelberg, Lukas and Schaub, Max},
  year = {2018},
  month = sep,
  volume = {12},
  pages = {353--370},
  copyright = {\textcopyright{} 2017 John Wiley \& Sons Australia, Ltd},
  journal = {Regulation \& Governance},
  number = {3}
}

@article{abadie_synthetic_2010,
  title = {Synthetic Control Methods for Comparative Case Studies: {{Estimating}} the Effect of {{California}}'s Tobacco Control Program},
  shorttitle = {Synthetic Control Methods for Comparative Case Studies},
  author = {Abadie, Alberto and Diamond, Alexis and Hainmueller, Jens},
  year = {2010},
  volume = {105},
  pages = {493--505},
  journal = {Journal of the American Statistical Association},
  number = {490}
}

@article{abadie_economic_2003,
  title = {The {{Economic Costs}} of {{Conflict}}: {{A Case Study}} of the {{Basque Country}}},
  shorttitle = {The {{Economic Costs}} of {{Conflict}}},
  author = {Abadie, Alberto and Gardeazabal, Javier},
  year = {2003},
  month = mar,
  volume = {93},
  pages = {113--132},
  annotation = {ArticleType: research-article / Full publication date: Mar., 2003 / Copyright \textcopyright{} 2003 American Economic Association},
  copyright = {Copyright \textcopyright{} 2003 American Economic Association},
  journal = {The American Economic Review},
  number = {1}
}

@article{abadie_comparative_2015,
  title = {Comparative Politics and the Synthetic Control Method},
  author = {Abadie, Alberto and Diamond, Alexis and Hainmueller, Jens},
  year = {2015},
  volume = {59},
  pages = {495--510},
  journal = {American Journal of Political Science},
  number = {2}
}

@article{autor_outsourcing_2003,
  title = {Outsourcing at {{Will}}: {{The Contribution}} of {{Unjust Dismissal Doctrine}} to the {{Growth}} of {{Employment Outsourcing}}},
  shorttitle = {Outsourcing at {{Will}}},
  author = {Autor, David H.},
  year = {2003},
  month = jan,
  volume = {21},
  pages = {1--42},
  annotation = {ArticleType: research-article / Full publication date: January 2003 / Copyright \textcopyright{} 2003 The University of Chicago},
  copyright = {Copyright \textcopyright{} 2003 The University of Chicago},
  journal = {Journal of Labor Economics},
  number = {1}
}


% WEEK 9

@article{card_minimum_1994,
  author={Card, David and Krueger, Alan B.},
  title={{Minimum Wages and Employment: A Case Study of the Fast-Food Industry in New Jersey}},
  journal={The American Economic Review},
  year={1994},
  volume={84},
  number={4},
  pages={772--793}
}


@incollection{bruderl_fixed_2015,
  address = {London},
  title = {{Fixed-effects panel regression}},
  booktitle = {{The SAGE Handbook of Regression Analysis and Causal Inference}},
  publisher = {SAGE Publications},
  author = {Brüderl, Josef and Ludwig, Volker},
  editor = {Best, Henning and Wolf, Christof},
  year = {2015},
  pages = {327--357}
}

@article{imai_when_2019,
  title = {{When Should We Use Unit Fixed Effects Regression Models for Causal Inference with Longitudinal Data?}},
  volume = {63},
  number = {2},
  journal = {American Journal of Political Science},
  author = {Imai, Kosuke and Kim, In Song},
  year = {2019},
  pages = {467--490}
}

@article{arellano_tests_1991,
  title = {Some {Tests} of {Specification} for {Panel} {Data}: {Monte} {Carlo} {Evidence} and an {Application} to {Employment} {Equations}},
  volume = {58},
  number = {2},
  journal = {The Review of Economic Studies},
  author = {Arellano, Manuel and Bond, Stephen},
  year = {1991},
  pages = {277--297}
}

@article{achen_why_2000,
  title = {{Why Lagged Dependent Variables Can Suppress the Explanatory Power of Other Independent Variables}},
  journal = {Annual Meeting of the Political Methodology Section of the American Political Science Association},
  author = {Achen, Christopher H.},
  year = {2000}
}

@article{frey_happiness_2005,
author = {Frey, Bruno S. and Stutzer, Alois},
title = {{Happiness Research: State and Prospects}},
journal = {Review of Social Economy},
volume = {63},
number = {2},
pages = {207-228},
year  = {2005}
}

@article{sobel_does_2012,
  title = {{Does Marriage Boost Men's Wages? Identification of Treatment Effects in Fixed Effects Regression Models for Panel Data}},
  author = {Sobel, Michael E.},
  year = {2012},
  volume = {107},
  pages = {521--529},
  journal = {Journal of the American Statistical Association},
  number = {498}
}





% WEEK 10

@article{angrist_estimating_1998,
  title = {Estimating the {{Labor Market Impact}} of {{Voluntary Military Service Using Social Security Data}} on {{Military Applicants}}},
  author = {Angrist, Joshua},
  year = {1998},
  volume = {66},
  pages = {249--288},
  publisher = {{Econometric Society}},
  journal = {Econometrica},
  number = {2}
}


@incollection{elwert_effect_2010,
  title = {Effect Heterogeneity and Bias in Main-Effects-Only Regression Models},
  booktitle = {Heuristics, Probability and Causality: {{A}} Tribute to {{Judea Pearl}}},
  author = {Elwert, Felix and Winship, Christopher},
  editor = {Dechter, Rina and Geffner, Hector and Halpern, Joseph Y.},
  year = {2010},
  pages = {327--36},
  publisher = {{College Publications}}
}


@book{hernan_causal_2021,
  title = {Causal Inference},
  author = {Hern{\'a}n, Miguel and Robins, James M},
  year = {2021},
  annotation = {OCLC: 1009571686}
}


@article{xie_population_2013,
  title = {Population Heterogeneity and Causal Inference},
  author = {Xie, Yu},
  year = {2013},
  month = apr,
  volume = {110},
  pages = {6262--6268},
  publisher = {{National Academy of Sciences}},
  chapter = {Social Sciences},
  journal = {Proceedings of the National Academy of Sciences},
  number = {16},
  pmid = {23530202}
}


@article{humphreys_fishing_2013,
  title = {Fishing, {{Commitment}}, and {{Communication}}: {{A Proposal}} for {{Comprehensive Nonbinding Research Registration}}},
  shorttitle = {Fishing, {{Commitment}}, and {{Communication}}},
  author = {Humphreys, Macartan and {de la Sierra}, Raul Sanchez and {van der Windt}, Peter},
  year = {2013},
  volume = {21},
  pages = {1--20},
  publisher = {{Oxford University Press}},
  journal = {Political Analysis},
  number = {1}
}

@article{brambor_understanding_2006,
  title = {{Understanding Interaction Models: Improving Empirical Analyses}},
  author = {Brambor, Thomas and Clark, William Roberts and Golder, Matt},
  year = {2006},
  volume = {14},
  pages = {63--82},
  journal = {Political Analysis},
  number = {1}
}

@article{athey_recursive_2016,
  title = {Recursive {{Partitioning}} for {{Heterogeneous Causal Effects}}},
  author = {Athey, Susan and Imbens, Guido},
  year = {2016},
  volume = {113},
  pages = {7353--7360},
  publisher = {National Acad Sciences},
  journal = {Proceedings of the National Academy of Sciences},
  number = {27}
}


@article{gidengil_political_2016,
  title = {Political {{Socialization}} and {{Voting}}: {{The Parent}}\textendash{{Child Link}} in {{Turnout}}},
  shorttitle = {Political {{Socialization}} and {{Voting}}},
  author = {Gidengil, Elisabeth and Wass, Hanna and Valaste, Maria},
  year = {2016},
  month = jun,
  volume = {69},
  pages = {373--383},
  publisher = {{SAGE Publications Inc}},
  journal = {Political Research Quarterly},
  number = {2}
}


% WEEK 11
@article{baron_moderator_1986,
  title = {{The Moderator--Mediator Variable Distinction in Social Psychological Research: Conceptual, Strategic, and Statistical Considerations}},
  volume = {51},
  number = {6},
  journal = {Journal of Personality and Social Psychology},
  author = {Baron, Reuben M. and Kenny, David A.},
  year = {1986},
  pages = {1173--1182}
}

@incollection{bullock_mediation_2011,
  address = {Cambridge},
  title = {{Mediation Analysis is Harder Than it Looks}},
  booktitle = {{Cambridge Handbook of Experimental Political Science}},
  publisher = {Cambridge University Press},
  author = {Bullock, John G. and Ha, Shang E.},
  editor = {Druckman, James N. and Green, Donald P. and Kuklinski, James H. and Lupia, Arthur},
  year = {2011},
  pages = {508--521}
}

@article{imai_unpacking_2011,
  title = {{Unpacking the Black Box of Causality: Learning about Causal Mechanisms from Experimental and Observational Studies}},
  volume = {105},
  number = {4},
  journal = {The American Political Science Review},
  author = {Imai, Kosuke and Keele, Luke and Tingley, Dustin and Yamamoto, Teppei},
  year = {2011},
  pages = {765--789}
}

@article{imai_general_2010,
  title = {{A General Approach to Causal Mediation Analysis}},
  volume = {15},
  number = {4},
  journal = {Psychological Methods},
  author = {Imai, Kosuke and Keele, Luke and Tingley, Dustin},
  year = {2010},
  pages = {309--334}
}

@article{imai_identification_2010,
  title = {Identification, Inference and Sensitivity Analysis for Causal Mediation Effects},
  author = {Imai, Kosuke and Keele, Luke and Yamamoto, Teppei},
  year = {2010},
  volume = {25},
  pages = {51--71},
  journal = {Statistical Science},
  number = {1}
}


% WEEK 12

@article{winter_social_2018,
  title = {Social Norm Enforcement in Ethnically Diverse Communities},
  author = {Winter, Fabian and Zhang, Nan},
  year = {2018},
  month = mar,
  volume = {115},
  pages = {2722--2727},
  publisher = {{National Academy of Sciences}},
  chapter = {Social Sciences},
  journal = {Proceedings of the National Academy of Sciences},
  number = {11},
  pmid = {29483253}
}

@article{enos_causal_2014,
  title = {Causal Effect of Intergroup Contact on Exclusionary Attitudes},
  author = {Enos, Ryan D.},
  year = {2014},
  month = mar,
  volume = {111},
  pages = {3699--3704},
  journal = {Proceedings of the National Academy of Sciences},
  number = {10},
  pmid = {24567394}
}

@article{batista_migrant_2013,
  title = {Migrant Remittances and Information Flows: {{Evidence}} from a Field Experiment},
  shorttitle = {Migrant Remittances and Information Flows},
  author = {Batista, Catia and Narciso, Gaia},
  year = {2013},
  journal = {The World Bank Economic Review}
}


@article{habyarimana_why_2007,
  title = {Why {{Does Ethnic Diversity Undermine Public Goods Provision}}?},
  author = {Habyarimana, James and Humphreys, Macartan and Posner, Daniel N. and Weinstein, Jeremy M.},
  year = {2007},
  volume = {101},
  pages = {709--725},
  journal = {American Political Science Review},
  number = {04}
}

@article{koopmans_cooperation_2014,
  title = {Cooperation in {{Ethnically Diverse Neighborhoods}}: {{A Lost}}-{{Letter Experiment}}},
  shorttitle = {Cooperation in {{Ethnically Diverse Neighborhoods}}},
  author = {Koopmans, Ruud and Veit, Susanne},
  year = {2014},
  volume = {35},
  pages = {379--400},
  copyright = {\textcopyright{} 2013 International Society of Political Psychology},
  journal = {Political Psychology},
  number = {3}
}

@article{milgram_lostletter_1965,
  title = {The Lost-Letter Technique: {{A}} Tool of Social Research},
  shorttitle = {The Lost-Letter Technique},
  author = {Milgram, Stanley and Mann, Leon and Harter, Susan},
  year = {1965},
  volume = {29},
  pages = {437},
  journal = {Public Opinion Quarterly},
  number = {3}
}

@article{keizer_spreading_2008,
  title = {The {{Spreading}} of {{Disorder}}},
  author = {Keizer, Kees and Lindenberg, Siegwart and Steg, Linda},
  year = {2008},
  month = dec,
  volume = {322},
  pages = {1681--1685},
  copyright = {American Association for the Advancement of Science},
  journal = {Science},
  number = {5908},
  pmid = {19023045}
}

@article{nolan_normative_2008,
  title = {Normative {{Social Influence}} Is {{Underdetected}}},
  author = {Nolan, Jessica M. and Schultz, P. Wesley and Cialdini, Robert B. and Goldstein, Noah J. and Griskevicius, Vladas},
  year = {2008},
  month = jul,
  volume = {34},
  pages = {913--923},
  publisher = {{SAGE Publications Inc}},
  journal = {Personality and Social Psychology Bulletin},
  number = {7}
}


@article{goldstein_room_2008,
  title = {A {{Room}} with a {{Viewpoint}}: {{Using Social Norms}} to {{Motivate Environmental Conservation}} in {{Hotels}}},
  shorttitle = {A {{Room}} with a {{Viewpoint}}},
  author = {Goldstein, Noah J. and Cialdini, Robert B. and Griskevicius, Vladas and served as associate editor for this {article.}, John Deighton served as editor {and} Mary Frances Luce},
  year = {2008},
  volume = {35},
  pages = {472--482},
  publisher = {{Oxford University Press}},
  journal = {Journal of Consumer Research},
  number = {3}
}

@article{baldassarri_market_2020,
  title = {Market Integration Accounts for Local Variation in Generalized Altruism in a Nationwide Lost-Letter Experiment},
  author = {Baldassarri, Delia},
  year = {2020},
  month = feb,
  volume = {117},
  pages = {2858--2863},
  publisher = {{National Academy of Sciences}},
  chapter = {Social Sciences},
  copyright = {Copyright \textcopyright{} 2020 the Author(s). Published by PNAS.. https://creativecommons.org/licenses/by-nc-nd/4.0/This open access article is distributed under Creative Commons Attribution-NonCommercial-NoDerivatives License 4.0 (CC BY-NC-ND).},
  journal = {Proceedings of the National Academy of Sciences},
  number = {6},
  pmid = {31988112}
}

@article{bartos_attention_2016,
  title = {Attention {{Discrimination}}: {{Theory}} and {{Field Experiments}} with {{Monitoring Information Acquisition}}},
  shorttitle = {Attention {{Discrimination}}},
  author = {Barto{\v s}, Vojt{\v e}ch and Bauer, Michal and Chytilov{\'a}, Julie and Mat{\v e}jka, Filip},
  year = {2016},
  month = jun,
  volume = {106},
  pages = {1437--1475},
  journal = {American Economic Review},
  number = {6}
}

@article{bertrand_are_2004,
  title = {Are {{Emily}} and {{Greg More Employable Than Lakisha}} and {{Jamal}}? {{A Field Experiment}} on {{Labor Market Discrimination}}},
  shorttitle = {Are {{Emily}} and {{Greg More Employable Than Lakisha}} and {{Jamal}}?},
  author = {Bertrand, Marianne and Mullainathan, Sendhil},
  year = {2004},
  month = sep,
  volume = {94},
  pages = {991--1013},
  journal = {American Economic Review},
  number = {4}
}

@article{hemker_multiple_2017,
  title = {Multiple {{Dimensions}} of {{Bureaucratic Discrimination}}: {{Evidence}} from {{German Welfare Offices}}},
  shorttitle = {Multiple {{Dimensions}} of {{Bureaucratic Discrimination}}},
  author = {Hemker, Johannes and Rink, Anselm},
  year = {2017},
  month = oct,
  volume = {61},
  pages = {786--803},
  journal = {American Journal of Political Science},
  number = {4}
}

@article{koopmans_taste_2019,
  title = {Taste or Statistics? {{A}} Correspondence Study of Ethnic, Racial and Religious Labour Market Discrimination in {{Germany}}},
  shorttitle = {Taste or Statistics?},
  author = {Koopmans, Ruud and Veit, Susanne and Yemane, Ruta},
  year = {2019},
  month = dec,
  volume = {42},
  pages = {233--252},
  publisher = {{Routledge}},
  annotation = {\_eprint: https://doi.org/10.1080/01419870.2019.1654114},
  journal = {Ethnic and Racial Studies},
  number = {16}
}


@article{gneezy_fine_2000,
  title = {A {{Fine Is}} a {{Price}}},
  author = {Gneezy, Uri and Rustichini, Aldo},
  year = {2000},
  volume = {29},
  pages = {1},
  journal = {Journal of Legal Studies}
}

@article{baldassarri_centralized_2011,
  title = {Centralized Sanctioning and Legitimate Authority Promote Cooperation in Humans},
  author = {Baldassarri, Delia and Grossman, Guy},
  year = {2011},
  month = jul,
  volume = {108},
  pages = {11023--11027},
  journal = {Proceedings of the National Academy of Sciences},
  number = {27},
  pmid = {21690401}
}

@article{prediger_resource_2014,
  title = {Resource Scarcity and Antisocial Behavior},
  author = {Prediger, Sebastian and Vollan, Bj{\"o}rn and Herrmann, Benedikt},
  year = {2014},
  month = nov,
  volume = {119},
  pages = {1--9},
  journal = {Journal of Public Economics}
}


@article{gerber_social_2008,
  title = {Social {{Pressure}} and {{Voter Turnout}}: {{Evidence}} from a {{Large}}-{{Scale Field Experiment}}},
  shorttitle = {Social {{Pressure}} and {{Voter Turnout}}},
  author = {Gerber, Alan S. and Green, Donald P. and Larimer, Christopher W.},
  year = {2008},
  month = feb,
  volume = {102},
  pages = {33--48},
  journal = {American Political Science Review},
  number = {1}
}

@article{bates_banerjees_2006,
  title = {{Banerjee's approach might teach us more about impact but at the expense of larger matters}},
  volume = {31},
  url = {https://bostonreview.net/bates-expense-larger-matters},
  number = {4},
  urldate = {2020-11-24},
  journal = {Boston Review of Books},
  author = {Bates, Robert H.},
  year = {2006}
}

@article{humphreys_aggregation_2020,
  title = {{The aggregation challenge}},
  volume = {127},
  doi = {10.1016/j.worlddev.2019.104806},
  journal = {World Development},
  author = {Humphreys, Macartan and Scacco, Alexandra},
  year = {2020},
  pages = {104806}
}

@book{segall_influence_1966,
  address = {Indianapolis, {IN}},
  title = {{The Influence of Culture on Visual Perception}},
  publisher = {Bobbs-Merrill Company},
  author = {Segall, Marshall H. and Campbell, Donald T. and Herskovits, Melville J.},
  year = {1966}
}

@article{mccauley_susceptibility_2006,
  title = {{Susceptibility to the Müller--Lyer Illusion, Theory-Neutral Observation, and the Diachronic Penetrability of the Visual Input System}},
  volume = {19},
  number = {1},
  journal = {Philosophical Psychology},
  author = {McCauley, Robert N. and Henrich, Joseph},
  year = {2006},
  pages = {79--101}
}

@incollection{campbell_experimental_1966,
  address = {Chicago, {IL}},
  title = {{Experimental and quasi-experimental designs for research}},
  booktitle = {{Handbook of Research on Teaching}},
  publisher = {Rand McNally},
  author = {Campbell, Donald T. and Stanley, Julian C.},
  editor = {Gage, Nathaniel Lees},
  year = {1966},
  pages = {171--246}
}

@incollection{dunning_metaketa_2019,
  address = {Cambridge},
  title = {{The Metaketa Initiative}},
  booktitle = {{Information, Accountability, and Cumulative Learning: Lessons from Metaketa I}},
  publisher = {Cambridge University Press},
  author = {Dunning, Thad and Grossman, Guy and Humphreys, Macartan and Hyde, Susan D. and McIntosh, Craig},
  editor = {Dunning, Thad and Grossman, Guy and Humphreys, Macartan and Hyde, Susan D. and McIntosh, Craig and Nellis, Gareth},
  year = {2019},
  pages = {16--49}
}

@incollection{dunning_meta-analysis_2019,
  address = {Cambridge},
  title = {{Meta-Analysis}},
  booktitle = {{Information, Accountability, and Cumulative Learning: Lessons from Metaketa I}},
  publisher = {Cambridge University Press},
  author = {Dunning, Thad and Bicalho, Clara and Chowdhury, Anirvan and Grossman, Guy and Humphreys, Macartan and Hyde, Susan D. and McIntosh, Craig and Nellis, Gareth},
  editor = {Dunning, Thad and Grossman, Guy and Humphreys, Macartan and Hyde, Susan D. and McIntosh, Craig and Nellis, Gareth},
  year = {2019},
  pages = {315--374}
}

@article{knox_design_2019,
  title = {{Design, Identification, and Sensitivity Analysis for Patient Preference Trials}},
  author = {Knox, Dean and Yamamoto, Teppei and Baum, Matthew A. and Berinsky, Adam J.},
  year = {2019},
  volume = {114},
  pages = {1532--1546},
  journal = {Journal of the American Statistical Association},
  number = {528}
}

@article{chassang_selective_2012,
  title = {{Selective Trials: A Principal-Agent Approach to Randomized Controlled Experiments}},
  author = {Chassang, Sylvain and Padr{\'o} I Miquel, Gerard and Snowberg, Erik},
  year = {2012},
  volume = {102},
  pages = {1279--1309},
  journal = {American Economic Review},
  number = {4}
}

@article{holland_statistics_1986,
  title = {{Statistics and Causal Inference}},
  author = {Holland, Paul W.},
  year = {1986},
  volume = {81},
  pages = {945--960},
  journal = {Journal of the American Statistical Association},
  number = {396}
}

@article{pearl_external_2014,
  title = {{External Validity: From Do-Calculus to Transportability Across Populations}},
  author = {Pearl, Judea and Bareinboim, Elias},
  year = {2014},
  volume = {29},
  pages = {579--595},
  journal = {Statistical Science},
  number = {4}
}

@article{baldassarri_field_2017,
  title = {Field {{Experiments Across}} the {{Social Sciences}}},
  author = {Baldassarri, Delia and Abascal, Maria},
  year = {2017},
  volume = {43},
  pages = {41--73},
  journal = {Annual Review of Sociology},
  number = {1}
}

@article{cohen_field_1997,
  ids = {cohen\_field\_1997a},
  title = {Field {{Experiments Examining}} the {{Culture}} of {{Honor}}: {{The Role}} of {{Institutions}} in {{Perpetuating Norms}} about {{Violence}}},
  shorttitle = {Field {{Experiments Examining}} the {{Culture}} of {{Honor}}},
  author = {Cohen, Dov and Nisbett, Richard E.},
  year = {1997},
  month = nov,
  volume = {23},
  pages = {1188--1199},
  journal = {Personality and Social Psychology Bulletin},
  number = {11}
}

@article{bryan_underinvestment_2014,
  title = {Underinvestment in a {{Profitable Technology}}: {{The Case}} of {{Seasonal Migration}} in {{Bangladesh}}},
  shorttitle = {Underinvestment in a {{Profitable Technology}}},
  author = {Bryan, Gharad and Chowdhury, Shyamal and Mobarak, Ahmed Mushfiq},
  year = {2014},
  volume = {82},
  pages = {1671--1748},
  annotation = {\_eprint: https://onlinelibrary.wiley.com/doi/pdf/10.3982/ECTA10489},
  copyright = {\textcopyright{} 2014 The Econometric Society},
  journal = {Econometrica},
  number = {5}
}

@article{abascal_us_2015,
  title = {Us and {{Them Black}}-{{White Relations}} in the {{Wake}} of {{Hispanic Population Growth}}},
  author = {Abascal, Maria},
  year = {2015},
  month = aug,
  volume = {80},
  pages = {789--813},
  journal = {American Sociological Review},
  number = {4}
}























































